<record><leader>00000cas a22000007a 4500</leader><controlfield tag="001">15186182</controlfield><controlfield tag="008">870212d186u186umouwr ne      0    0eng d</controlfield><datafield ind1=" " ind2=" " tag="010"><subfield code="a">sn 87052193 </subfield></datafield><datafield ind1=" " ind2=" " tag="040"><subfield code="a">NPX</subfield><subfield code="b">eng</subfield><subfield code="c">NPX</subfield><subfield code="d">OCLCQ</subfield></datafield><datafield ind1=" " ind2=" " tag="042"><subfield code="a">msc</subfield></datafield><datafield ind1="0" ind2="4" tag="245"><subfield code="a">The Weekly tenth legion.</subfield></datafield><datafield ind1="1" ind2="3" tag="246"><subfield code="a">Platte City legion</subfield></datafield><datafield ind1=" " ind2=" " tag="260"><subfield code="a">Platte City, Mo. :</subfield><subfield code="b">[s.n.]</subfield></datafield><datafield ind1=" " ind2=" " tag="300"><subfield code="a">v.</subfield></datafield><datafield ind1=" " ind2=" " tag="310"><subfield code="a">Weekly</subfield></datafield><datafield ind1=" " ind2=" " tag="588"><subfield code="a">Description based on: Vol. 1, no. 15 (Mar. 30, 1861).</subfield></datafield><datafield ind1=" " ind2=" " tag="752"><subfield code="a">United States</subfield><subfield code="b">Missouri</subfield><subfield code="c">Platte</subfield><subfield code="d">Platte City.</subfield></datafield></record>